@book{agresti2018introduction,
  title={An Introduction to Categorical Data Analysis},
  author={Agresti, A.},
  isbn={9781119405269},
  lccn={2018026887},
  series={Wiley Series in Probability and Statistics},
  url={https://books.google.co.il/books?id=ukNxDwAAQBAJ},
  year={2018},
  publisher={Wiley}
}

@article{Stevens1946,
  doi = {10.1126/science.103.2684.677},
  url = {https://doi.org/10.1126/science.103.2684.677},
  year = {1946},
  month = jun,
  publisher = {American Association for the Advancement of Science ({AAAS})},
  volume = {103},
  number = {2684},
  pages = {677--680},
  author = {S. S. Stevens},
  title = {On the Theory of Scales of Measurement},
  journal = {Science}
}

@article{Potdar2017,
  doi = {10.5120/ijca2017915495},
  url = {https://doi.org/10.5120/ijca2017915495},
  year = {2017},
  month = oct,
  publisher = {Foundation of Computer Science},
  volume = {175},
  number = {4},
  pages = {7--9},
  author = {Kedar Potdar and Taher S. and Chinmay D.},
  title = {A Comparative Study of Categorical Variable Encoding Techniques for Neural Network Classifiers},
  journal = {International Journal of Computer Applications}
}

@article{Rodrguez2018,
  doi = {10.1016/j.imavis.2018.04.004},
  url = {https://doi.org/10.1016/j.imavis.2018.04.004},
  year = {2018},
  month = jul,
  publisher = {Elsevier {BV}},
  volume = {75},
  pages = {21--31},
  author = {Pau Rodr{\'{\i}}guez and Miguel A. Bautista and Jordi Gonz{\`{a}}lez and Sergio Escalera},
  title = {Beyond one-hot encoding: Lower dimensional target embedding},
  journal = {Image and Vision Computing}
}

@book{cramer1999mathematical,
  title={Mathematical Methods of Statistics},
  author={Cram{\'e}r, H.},
  isbn={9780691005478},
  lccn={lc99012156},
  series={Princeton Landmarks in Mathematics and Physics},
  url={https://books.google.co.il/books?id=CRTKKaJO0DYC},
  year={1999},
  publisher={Princeton University Press}
}

@Book{agresti2007an,
 author = {Agresti, Alan},
 title = {An introduction to categorical data analysis},
 publisher = {Wiley-Interscience},
 year = {2007},
 address = {Hoboken, NJ},
 isbn = {978-0-471-22618-5}
 }
 
@Dataset{carPricesPoland,
author = {Glotov, Aleksandr},
title = {Car Prices Poland},
publisher = {Kaggle},
year = {2022}
}

@Dataset{rainInAustralia,
author = {Young, Joe},
title = {Rain in Australia},
publisher = {Kaggle},
year = {2017}
}

@inproceedings{Chen:2016:XST:2939672.2939785,
 author = {Chen, Tianqi and Guestrin, Carlos},
 title = {{XGBoost}: A Scalable Tree Boosting System},
 booktitle = {Proceedings of the 22nd ACM SIGKDD International Conference on Knowledge Discovery and Data Mining},
 series = {KDD '16},
 year = {2016},
 isbn = {978-1-4503-4232-2},
 location = {San Francisco, California, USA},
 pages = {785--794},
 numpages = {10},
 url = {http://doi.acm.org/10.1145/2939672.2939785},
 doi = {10.1145/2939672.2939785},
 acmid = {2939785},
 publisher = {ACM},
 address = {New York, NY, USA},
 keywords = {large-scale machine learning},
}

@InProceedings{Ho95,
  Title                    = {Random Decision Forests},
  Author                   = {Ho, Tin Kam},
  Booktitle                = {Proceedings of the Third International Conference on Document Analysis and Recognition (Volume 1) - Volume 1},
  Year                     = {1995},

  Address                  = {M},
  Pages                    = {278--282},
  Publisher                = {IEEE Computer Society},
  Series                   = {ICDAR '95},

  Acmid                    = {844681},
  ISBN                     = {0-8186-7128-9},
  Keywords                 = {complexity, decision theory, decision trees, generalization accuracy, handwriting recognition, handwritten digits, optical character recognition, random decision forests, stochastic modeling, suboptimal accuracy, tree-based classifiers}
}

@article{scikit-learn,
 title={Scikit-learn: Machine Learning in {P}ython},
 author={Pedregosa, F. and Varoquaux, G. and Gramfort, A. and Michel, V.
         and Thirion, B. and Grisel, O. and Blondel, M. and Prettenhofer, P.
         and Weiss, R. and Dubourg, V. and Vanderplas, J. and Passos, A. and
         Cournapeau, D. and Brucher, M. and Perrot, M. and Duchesnay, E.},
 journal={Journal of Machine Learning Research},
 volume={12},
 pages={2825--2830},
 year={2011}
}

@article{Friedman1991,
  doi = {10.1214/aos/1176347963},
  url = {https://doi.org/10.1214/aos/1176347963},
  year = {1991},
  month = mar,
  publisher = {Institute of Mathematical Statistics},
  volume = {19},
  number = {1},
  author = {Jerome H. Friedman},
  title = {Multivariate Adaptive Regression Splines},
  journal = {The Annals of Statistics}
}